@string{ACL = "Proc. of ACL"}
@string{NAACL = "Proc. of NAACL"}
@string{NLPRS = "Proc. of NLPRS"}
@string{SIGPHON = "Proc. of SIGPHON"}
@string{HLT-EMNLP = "Proc. of HLT-EMNLP"}
@string{EMNLP-CONLL = "Proc. of EMNLP-CoNLL"}
@string{HLT-NAACL = "Proc. of HLT-NAACL"}
@string{NAACL-HLT = "Proc. of NAACL-HLT"}
@string{HLT-NAACL-short = "Proc. of HLT-NAACL, Companion Volume: Short Papers"}
@string{ACL-EACL = "Proc. of ACL-EACL"}
@string{CONLL = "Proc. of CoNLL"}
@string{CIAA = "Proc. of CIAA"}
% @string{CIAA = "Proceedings of the Tenth International Conference on Implementation and Application of Automata (CIAA)"}
@string{UAI = "Proc. of UAI"}
@string{INTERSPEECH = "Proc. of Interspeech"}
@string{COLING = "Proc. of International Conference on Computational Linguistics"}



@inproceedings{Collins-perceptron,
 author = {Collins, Michael},
 title = {Discriminative training methods for hidden Markov models: theory and experiments with perceptron algorithms},
 booktitle = {EMNLP '02: Proceedings of the ACL-02 conference on Empirical methods in natural language processing},
 year = {2002},
 pages = {1--8},
 doi = {http://dx.doi.org/10.3115/1118693.1118694},
 publisher = {Association for Computational Linguistics},
 address = {Morristown, NJ, USA},
 }

@InProceedings{madnaniwmt07,
 author    = {Nitin Madnani and Necip Fazil Ayan and Philip Resnik
and Bonnie J. Dorr},
 title     = {Using Paraphrases for Parameter Tuning in Statistical
Machine Translation},
 booktitle = {Proceedings of the Workshop on Statistical Machine Translation},
 month     = {June},
 year      = {2007},
 address   = {Prague, Czech Republic},
 publisher = {Association for Computational Linguistics},
}

@INPROCEEDINGS{Quirk04monolingualmachine,
    author = {Chris Quirk and Chris Brockett and William Dolan},
    title = {Monolingual machine translation for paraphrase generation},
    booktitle = {In Proceedings of the 2004 Conference on Empirical Methods in Natural Language Processing},
    year = {2004},
    pages = {142--149}
}

@inproceedings{ccb2006,
 author = {Callison-Burch, Chris and Koehn, Philipp and Osborne, Miles},
 title = {Improved statistical machine translation using paraphrases},
 booktitle = {Proceedings of the main conference on Human Language Technology Conference of the North American Chapter of the Association of Computational Linguistics},
 year = {2006},
 pages = {17--24},
 location = {New York, New York},
 doi = {http://dx.doi.org/10.3115/1220835.1220838},
 publisher = {Association for Computational Linguistics},
 address = {Morristown, NJ, USA},
 }


@inproceedings{colin2005,
 author = {Bannard, Colin and Callison-Burch, Chris},
 title = {Paraphrasing with bilingual parallel corpora},
 booktitle = {ACL '05: Proceedings of the 43rd Annual Meeting on Association for Computational Linguistics},
 year = {2005},
 pages = {597--604},
 location = {Ann Arbor, Michigan},
 doi = {http://dx.doi.org/10.3115/1219840.1219914},
 publisher = {Association for Computational Linguistics},
 address = {Morristown, NJ, USA},
 }


@InProceedings{leusch-matusov-ney:2008:EMNLP,
  author    = {Leusch, Gregor  and  Matusov, Evgeny  and  Ney, Hermann},
  title     = {Complexity of Finding the {BLEU}-optimal Hypothesis in a Confusion Network},
  booktitle = {Proceedings of the 2008 Conference on Empirical Methods in Natural Language Processing},
  month     = {October},
  year      = {2008},
  address   = {Honolulu, Hawaii},
  publisher = {Association for Computational Linguistics},
  pages     = {839--847},
  url       = {http://www.aclweb.org/anthology/D08-1088}
}



@inproceedings{astar1968,
 author = {Hart, P., Nilsson, N., and Raphael, B.},
 title = { A formal basis for the heuristic determination of minimal cost paths},
 booktitle =  {IEEE Transactions on Systems Science and Cybernetics},
 year = {1968},
volum ={4},
number={2},
pages={100--107}
 }


@inproceedings{knuth1977,
 author = {Knuth, Donald},
 title = {A generalization of Dijkstra's algorithm},
 booktitle =  {Information Processing Letters},
 year = {1977},
volum ={6},
number={1},
 }

@inproceedings{viterbi1967,
 author = {Viterbi, AJ},
 title = {Error bounds for convolutional codes and an asymptotically optimum decoding algorithm},
 booktitle =  {IEEE Transactions on Information Theory},
 year = {1967},
volum ={13},
number={2},
pages={260--269},
 }




@inproceedings{roni-me-1996,
 author = {Rosenfeld,, Roni}, 
 title = {A Maximum Entropy Approach to Adaptive Statistical Language Modeling},
 booktitle =  {Computer Speech and Language},
 year = {1996},
volum ={10},
number={3},
pages={187--228}
 }

@inproceedings{sanjeev-me,
 author = {Khudanpur,, Sanjeev and Wu,, Jun},
 title = {Maximum entropy techniques for exploiting syntactic, semantic and collocational dependencies in language modeling},
 booktitle =  {Computer Speech and Language},
 year = {2000},
volum ={14},
number={4},
pages={355--372}
 }



@inproceedings{dijkstra1959,
 author = {Dijkstra, Edsger W.},
 title = {A note on two problems in connexion with graphs},
 booktitle =  {Numerische Mathematik},
 year = {1959},
number={1},
pages={267--271},
 }


@inproceedings{forwardbackward1959,
 author = {L. E. Baum.},
 title = {An inequality and associated maximization technique in statistical estimation of probabilistic functions of Markov processes},
 booktitle =  {Inequalities},
 year = {1972},
number={3},
pages={1--8},
 }



@article{mira,
 author = {Crammer, Koby and Dekel, Ofer and Keshet, Joseph and Shalev-Shwartz, Shai and Singer, Yoram},
 title = {Online Passive-Aggressive Algorithms},
 journal = {J. Mach. Learn. Res.},
 volume = {7},
 year = {2006},
 issn = {1532-4435},
 pages = {551--585},
 publisher = {JMLR.org},
 }

@inproceedings{m3n,
 author = {Taskar, Ben and Chatalbashev, Vassil and Koller, Daphne and Guestrin, Carlos},
 title = {Learning structured prediction models: a large margin approach},
 booktitle = {ICML '05: Proceedings of the 22nd international conference on Machine learning},
 year = {2005},
 isbn = {1-59593-180-5},
 pages = {896--903},
 location = {Bonn, Germany},
 doi = {http://doi.acm.org/10.1145/1102351.1102464},
 publisher = {ACM},
 address = {New York, NY, USA},
 }


@INPROCEEDINGS{Mohri02anefficient,
    author = {Mohri, Mehryar  and Riley, Michael},
    title = {An Efficient Algorithm for the n-Best-Strings Problem},
    booktitle = {In Proceedings of the International Conference on Spoken Language Processing 2002 (ICSLP'02},
    year = {2002}
}

@INPROCEEDINGS{xiao10,
    author = {Huang, Jui-Ting and Li, Xiao and Acero, Alex},
    title = {Discriminative Training Methods for Language Models Using Conditional Entropy Criteria},
    booktitle = {ICASSP},
    year = {2010}
}

@INPROCEEDINGS{Li04minimumentropy,
    author = {Haifeng Li},
    title = {Minimum Entropy Clustering and Applications to Gene Expression Analysis},
    booktitle = {In Proceedings of IEEE Computational Systems Bioinformatics Conference},
    year = {2004},
    pages = {142--151}
}

@InProceedings{matsuzaki-miyao-tsujii:2005:ACL,
  author    = {Matsuzaki, Takuya  and  Miyao, Yusuke  and  Tsujii, Jun'ichi},
  title     = {Probabilistic {CFG} with Latent Annotations},
  booktitle = {ACL},
  year      = {2005},
  pages     = {75--82},
% booktitle = {Proceedings of the 43rd Annual Meeting of the Association for Computational Linguistics (ACL'05)},
%  month     = {June},
%  address   = {Ann Arbor, Michigan},
%  publisher = {Association for Computational Linguistics},
%  url       = {http://www.aclweb.org/anthology/P05-1010},
%  doi       = {10.3115/1219840.1219850}
}

@InProceedings{huang-chiang:2007:ACLMain,
  author    = {Huang, Liang  and  Chiang, David},
  title     = {Forest Rescoring: Faster Decoding with Integrated Language Models},
  booktitle = {ACL},
  pages     = {144--151},
  year      = {2007},
 % month     = {June},
%  address   = {Prague, Czech Republic},
%  publisher = {Association for Computational Linguistics},
%  url       = {http://www.aclweb.org/anthology/P/P07/P07-1019}
}

@InProceedings{huang-chiang:2005:IWPT,
  author    = {Huang, Liang  and  Chiang, David},
  title     = {Better k-best Parsing},
  booktitle = {IWPT},
    pages     = {53--64},
      year      = {2005},
%  month     = {October},
%  address   = {Vancouver, British Columbia},
%  publisher = {Association for Computational Linguistics},
%  url       = {http://www.aclweb.org/anthology/W/W05/W05-1506}
}

@InProceedings{zhang-gildea:2008:ACLMain,
  author    = {Zhang, Hao  and  Gildea, Daniel},
  title     = {Efficient Multi-Pass Decoding for Synchronous Context Free Grammars},
  booktitle = {ACL},
    year      = {2008},
      pages     = {209--217},
%  month     = {June},
%
%  address   = {Columbus, Ohio},
%  publisher = {Association for Computational Linguistics},
%
%  url       = {http://www.aclweb.org/anthology/P/P08/P08-1025}
}


@InProceedings{dreyer-eisner:2009:EMNLP,
  author    = {Dreyer, Markus  and  Eisner, Jason},
  title     = {Graphical Models over Multiple Strings},
  booktitle = {Proceedings of the 2009 Conference on Empirical Methods in Natural Language Processing},
  month     = {August},
  year      = {2009},
  address   = {Singapore},
  publisher = {Association for Computational Linguistics},
  pages     = {101--110},
  url       = {http://www.aclweb.org/anthology/D/D09/D09-1011}
}

@InProceedings{dreyer-hall-khudanpur:2007:SSST,
  author    = {\textsc{Dreyer}, Markus  and  \textsc{Hall}, Keith  and  \textsc{Khudanpur}, Sanjeev},
  title     = {Comparing Reordering Constraints for SMT Using Efficient BLEU Oracle Computation},
  booktitle = {Proceedings of SSST, NAACL-HLT 2007 / AMTA Workshop on Syntax and Structure in Statistical Translation},
  month     = {April},
  year      = {2007},
  address   = {Rochester, New York},
  publisher = {Association for Computational Linguistics},
  pages     = {103--110},
  url       = {http://www.aclweb.org/anthology/W/W07/W07-0414}
}



@InProceedings{dreyer-eisner:2006:EMNLP,
  author    = {Dreyer, Markus  and  Eisner, Jason},
  title     = {Better Informed Training of Latent Syntactic Features},
  booktitle = {ACL},
   year      = {2006},
     pages     = {317--326},
%  month     = {July},
%  address   = {Sydney, Australia},
%  publisher = {Association for Computational Linguistics},
%  url       = {http://www.aclweb.org/anthology/W/W06/W06-1638}
  %booktitle = {Proceedings of the 2006 Conference on Empirical Methods in Natural Language Processing},
}




@InProceedings{Khalil1996,
 author = {Sima'an, Khalil},
 title = {Computational complexity of probabilistic disambiguation by means of tree-grammars},
  booktitle = {ACL},
 year = {1996},
 pages = {1175--1180},
% location = {Copenhagen, Denmark},
% doi = {http://dx.doi.org/10.3115/993268.993392},
% publisher = {Association for Computational Linguistics},
% address = {Morristown, NJ, USA},
% booktitle = {Proceedings of the 16th conference on Computational linguistics},
 }



 @article{hiero-2007,
 author = {Chiang, David},
 title = {Hierarchical Phrase-Based Translation},
 journal = {Computational Linguistics},
 volume = {33},
 number = {2},
 year = {2007},
 issn = {0891-2017},
 pages = {201--228},
 doi = {http://dx.doi.org/10.1162/coli.2007.33.2.201},
 publisher = {MIT Press},
 address = {Cambridge, MA, USA},
 }

@INPROCEEDINGS{Callison-Burch06re-evaluatingthe,
    author = {Chris Callison-Burch and Miles Osborne and Philipp Koehn},
    title = {Re-evaluating the Role of BLEU in Machine Translation Research},
    booktitle = {In EACL},
    year = {2006},
    pages = {249--256}
}

@inproceedings{hiero2005,
 author = {Chiang, David},
 title = {A hierarchical phrase-based model for statistical machine translation},
 booktitle = {ACL '05: Proceedings of the 43rd Annual Meeting on Association for Computational Linguistics},
 year = {2005},
 pages = {263--270},
 location = {Ann Arbor, Michigan},
 doi = {http://dx.doi.org/10.3115/1219840.1219873},
 publisher = {Association for Computational Linguistics},
 address = {Morristown, NJ, USA},
 }


 @InProceedings{blunsom-cohn-osborne:2008:ACLMain,
  author    = {Blunsom, Phil  and  Cohn, Trevor  and  Osborne, Miles},
  title     = {A Discriminative Latent Variable Model for Statistical Machine Translation},
  booktitle = {ACL},
    pages     = {200--208},
  year      = {2008},
%    month     = {June},
%  address   = {Columbus, Ohio},
%  %publisher = {Association for Computational Linguistics},
%
%  url       = {http://www.aclweb.org/anthology/P/P08/P08-1024}
}



@InProceedings{jordan-variational-tutorial-1999,
  author    = {Jordan, M. I. and Ghahramani, Z. and Jaakkola, T. S. and Saul, L. K.},
  title     = {An introduction to variational methods for graphical models},
  booktitle = {Learning in Graphical Models},
  year      = 1999,
  publisher = {MIT Press},
  url       = {http://research.microsoft.com/en-us/um/people/minka/papers/message-passing/}
}

@article{svnoptimize,
 author = {Platt, John C.},
 title = {Fast training of support vector machines using sequential minimal optimization},
 book = {Advances in kernel methods: support vector learning},
 year = {1999},
 isbn = {0-262-19416-3},
 pages = {185--208},
 publisher = {MIT Press},
 address = {Cambridge, MA, USA},
 }



@InProceedings{smith-eisner:2006:POS,
  author    = {Smith, David A.  and  Eisner, Jason},
  title     = {Minimum Risk Annealing for Training Log-Linear Models},
  booktitle = {ACL},
    year      = {2006},
      pages     = {787--794},
%  month     = {July},
%  address   = {Sydney, Australia},
%%  publisher = {Association for Computational Linguistics},
%   booktitle = {Proceedings of the COLING/ACL 2006 Main Conference Poster Sessions},
%  url       = {http://www.aclweb.org/anthology/P/P06/P06-2101}
}

@InProceedings{kumar-EtAl:2009:ACLIJCNLP,
  author    = {Kumar, Shankar  and  Macherey, Wolfgang  and  Dyer, Chris  and  Och, Franz},
  title     = {Efficient Minimum Error Rate Training and Minimum Bayes-Risk Decoding for Translation Hypergraphs and Lattices},
  booktitle = {Proceedings of the Joint Conference of the 47th Annual Meeting of the ACL and the 4th International Joint Conference on Natural Language Processing of the AFNLP},
  month     = {August},
  year      = {2009},
  address   = {Suntec, Singapore},
  publisher = {Association for Computational Linguistics},
  pages     = {163--171},
  url       = {http://www.aclweb.org/anthology/P/P09/P09-1019}
}

@inproceedings{kumar-byrne:2004:HLTNAACL,
  author    = {Kumar, Shankar  and  Byrne, William},
  title     = {Minimum Bayes-Risk Decoding for Statistical Machine Translation},
  booktitle = {HLT-NAACL 2004: Main Proceedings },
  editor = {Susan Dumais, Daniel Marcu and Salim Roukos},
  year      = 2004,
  month     = {May 2 - May 7},
  address   = {Boston, Massachusetts, USA},
  publisher = {Association for Computational Linguistics},
  pages     = {169--176}
}



@InProceedings{tromble-EtAl:2008:EMNLP,
  author    = {Tromble, Roy  and  Kumar, Shankar  and  Och, Franz  and  Macherey, Wolfgang},
  title     = {Lattice Minimum-{B}ayes-Risk Decoding for Statistical Machine Translation},
  booktitle = {EMNLP},
    pages     = {620--629},
      year      = {2008},
%  month     = {October},
%
%  address   = {Honolulu, Hawaii},
%%  publisher = {Association for Computational Linguistics},
%    booktitle = {Proceedings of the 2008 Conference on Empirical Methods in Natural Language Processing},
%  url       = {http://www.aclweb.org/anthology/D08-1065}
}

@inproceedings{och-mert,
 author = {Och,, Franz Josef},
 title = {Minimum error rate training in statistical machine translation},
 booktitle = {ACL},
 year = {2003},
 pages = {160--167},
% location = {Sapporo, Japan},
% doi = {http://dx.doi.org/10.3115/1075096.1075117},
%% publisher = {Association for Computational Linguistics},
% address = {Morristown, NJ, USA},
 }

@inproceedings{dop2003,
 author = {	Bod, Rens and Scha, Remko and Sima'an, Khalil},
 title = {Data-Oriented Parsing},
 year = {2003},
 publisher = {CSLI Publications},
 }


@inproceedings{bleu-ibm,
 author = {Papineni,, Kishore and Roukos,, Salim and Ward,, Todd and Zhu,, Wei-Jing},
 title = {{BLEU}: A method for automatic evaluation of machine translation},
 booktitle = {ACL},
 year = {2001},
 pages = {311--318},
% location = {Philadelphia, Pennsylvania},
% doi = {http://dx.doi.org/10.3115/1073083.1073135},
%% publisher = {Association for Computational Linguistics},
% address = {Morristown, NJ, USA},
 }


@inproceedings{Joshua-MBR,
 author = {Goodman,, Joshua},
 title = {Parsing algorithms and metrics},
 booktitle = {ACL},
 year = {1996},
 pages = {177--183},
 %location = {Santa Cruz, California},
% doi = {http://dx.doi.org/10.3115/981863.981887},
%% publisher = {Association for Computational Linguistics},
% address = {Morristown, NJ, USA},
 }

@InProceedings{giza++,
  author    = {Och, Franz Josef and  Ney, Hermann},
  title     = {Improved Statistical Alignment Models},
 booktitle = {ACL},
  year      = {2000},
   pages     = {440--447}
%    month     = {October},
%  address   = {Hong Kong},
%%  publisher = {Association for Computational Linguistics},
% ,
%  url       = {http://www.aclweb.org/anthology/P00-1056},
%  doi       = {10.3115/1075218.1075274}
}

@InProceedings{lopez:2007:EMNLP-CoNLL2007,
  author    = {Lopez, Adam},
  title     = {Hierarchical Phrase-Based Translation with Suffix Arrays},
  booktitle = {EMNLP-CoNLL},
    pages     = {976--985},
  year      = {2007},
%    month     = {June},
%  address   = {Prague, Czech Republic},
% % publisher = {Association for Computational Linguistics},
%
%  url       = {http://www.aclweb.org/anthology/D/D07/D07-1104}
}

@INPROCEEDINGS{srilm,
    author = {Stolcke, Andreas},
    title = {{SRILM}---an Extensible Language Modeling Toolkit},
    booktitle = {Proceedings of the International Conference on Spoken Language Processing},
    year = {2002},
    pages = {901--904}
}

@TECHREPORT{Chen98anempirical,
    author = {Chen, Stanley F.  and Goodman, Joshua },
    title = {An Empirical Study of Smoothing Techniques for Language Modeling},
    booktitle = {Technical Report TR-10-98},
    year = {1998}
    publisher = {Harvard University},
}


@inproceedings{eisner-expectation-semiring,
 author = {Eisner,, Jason},
 title = {Parameter estimation for probabilistic finite-state transducers},
 booktitle = {ACL},
 year = {2002},
 pages = {1--8},
% location = {Philadelphia, Pennsylvania},
% doi = {http://dx.doi.org/10.3115/1073083.1073085},
%% publisher = {Association for Computational Linguistics},
% address = {Morristown, NJ, USA},
 }


@inproceedings{crf,
    author = {Lafferty,, John  and McCallum,, Andrew  and Pereira,, Fernando},
    title = {Conditional Random Fields: Probabilistic Models for Segmenting and Labeling Sequence Data},
    year = {2001},
    booktitle = {ICML},
}






@inproceedings{cubesemiring,
	author = {Gimpel,, Kevin   and Smith,, Noah  A. },
	title = {Cube Summing, Approximate Inference with Non-Local Features, and Dynamic Programming without Semirings},
	booktitle = {EACL},
	pages = {318--326},
	year = {2009}
%	posted-at = {2009-04-07 22:40:52},
%	priority = {2},
%	publisher = {Association for Computational Linguistics},
%	url = {http://www.aclweb.org/anthology/E09-1037},
}



@article{semiringparsing,
 author = {Goodman,, Joshua},
 title = {Semiring parsing},
 journal = {Computational Linguistics},
 volume = {25},
 number = {4},
 year = {1999},
 issn = {0891-2017},
 pages = {573--605},
 publisher = {MIT Press},
 address = {Cambridge, MA, USA},
 }


@inproceedings{ict-liu,
 author = {Liu,, Yang and Liu,, Qun and Lin,, Shouxun},
 title = {Tree-to-string alignment template for statistical machine translation},
 booktitle = {ACL},
 year = {2006},
 pages = {609--616},
 %location = {Sydney, Australia},
 %doi = {http://dx.doi.org/10.3115/1220175.1220252},
 %publisher = {Association for Computational Linguistics},
% address = {Morristown, NJ, USA},
 }


 @inproceedings{syntax2006-isi,
 author = {Galley,, Michel and Graehl,, Jonathan and Knight,, Kevin and Marcu,, Daniel and DeNeefe,, Steve and Wang,, Wei and Thayer,, Ignacio},
 title = {Scalable inference and training of context-rich syntactic translation models},
 booktitle = {ACL},
 year = {2006},
 pages = {961--968},
 %location = {Sydney, Australia},
 %doi = {http://dx.doi.org/10.3115/1220175.1220296},
 %publisher = {Association for Computational Linguistics},
 %address = {Morristown, NJ, USA},
 }


@inproceedings{jason-stsg,
 author = {Eisner,, Jason},
 title = {Learning non-isomorphic tree mappings for machine translation},
 booktitle = {ACL},
 year = {2003},
 pages = {205--208},
 %location = {Sapporo, Japan},
 %doi = {http://dx.doi.org/10.3115/1075178.1075217},
 %publisher = {Association for Computational Linguistics},
 %address = {Morristown, NJ, USA},
 }


@inproceedings{syntax-msr,
 author = {Quirk,, Chris and Menezes,, Arul and Cherry,, Colin},
 title = {Dependency treelet translation: syntactically informed phrasal SMT},
 booktitle = {ACL},
 year = {2005},
 pages = {271--279},
 %location = {Ann Arbor, Michigan},
 doi = {http://dx.doi.org/10.3115/1219840.1219874},
 %publisher = {Association for Computational Linguistics},
 %address = {Morristown, NJ, USA},
 }


@InProceedings{smith-eisner:2008:EMNLP,
  author    = {Smith, David  and  Eisner, Jason},
  title     = {Dependency Parsing by Belief Propagation},
  booktitle = {Proceedings of the 2008 Conference on Empirical Methods in Natural Language Processing},
  month     = {October},
  year      = {2008},
  address   = {Honolulu, Hawaii},
  publisher = {Association for Computational Linguistics},
  pages     = {145--156},
  url       = {http://www.aclweb.org/anthology/D08-1016}
}



@ARTICLE{Shieber94principlesand,
    author = {Stuart M. Shieber and Yves Schabes and Fernando C. N. Pereira},
    title = {Principles and Implementation of Deductive Parsing},
    journal = {Journal of Logic Programming},
    year = {1994},
    volume = {24},
    pages = {3--36}
}


 @inproceedings{deduction83,
 author = {Pereira,, Fernando C. N. and Warren,, David H. D.},
 title = {Parsing as deduction},
 booktitle = {ACL},
 year = {1983},
 pages = {137--144},
%location = {Cambridge, Massachusetts},
 %doi = {http://dx.doi.org/10.3115/981311.981338},
 %publisher = {Association for Computational Linguistics},
%address = {Morristown, NJ, USA},
 }



 @inproceedings{dyna2005,
 author = {Eisner,, Jason and Goldlust,, Eric and Smith,, Noah A.},
 title = {Compiling Comp Ling: practical weighted dynamic programming and the Dyna language},
 booktitle = {HLT/EMNLP},
 year = {2005},
 pages = {281--290},
 %location = {Vancouver, British Columbia, Canada},
 %doi = {http://dx.doi.org/10.3115/1220575.1220611},
 %publisher = {Association for Computational Linguistics},
% address = {Morristown, NJ, USA},
 }

@inproceedings{kleinastar,
 author = {Klein, Dan and Manning, Christopher D.},
 title = {A* parsing: fast exact Viterbi parse selection},
 booktitle = {NAACL '03: Proceedings of the 2003 Conference of the North American Chapter of the Association for Computational Linguistics on Human Language Technology},
 year = {2003},
 pages = {40--47},
 location = {Edmonton, Canada},
 doi = {http://dx.doi.org/10.3115/1073445.1073461},
 publisher = {Association for Computational Linguistics},
 address = {Morristown, NJ, USA},
 }




@article{generalastar,
 author = {Felzenszwalb, Pedro F. and McAllester, David},
 title = {The generalized A* architecture},
 journal = {J. Artif. Int. Res.},
 volume = {29},
 number = {1},
 year = {2007},
 issn = {1076-9757},
 pages = {153--190},
 publisher = {AI Access Foundation},
 address = {, USA},
 }


@article{hypergraph-klein,
 author = {Klein,, Dan and Manning,, Christopher D.},
 title = {Parsing and hypergraphs},
 journal = {New developments in parsing technology},
 year = {2004},
 pages = {351--372},
 publisher = {Kluwer Academic Publishers},
 %isbn = {1-4020-2293-X},
% address = {Norwell, MA, USA},
 }



@inproceedings{joshua-wmt09,
 author = {Li,, Zhifei and Callison-Burch,, Chris and Dyer,, Chris and Ganitkevitch,, Juri and Khudanpur,, Sanjeev
 and Schwartz,, Lane and Thornton,, Wren and Weese,, Jonathan and Zaidan,, Omar.},
 title = {Joshua: An Open Source Toolkit for Parsing-based Machine Translation},
 booktitle = {WMT09},
 year = {2009},
 pages = {26--30},
%  booktitle = {Proceedings of the Workshop on Statistical Machine Translation (WMT09)},
 }

@InProceedings{li-eisner:2009:EMNLP,
  author    = {Li, Zhifei  and  Eisner, Jason},
  title     = {First- and Second-Order Expectation Semirings with Applications to Minimum-Risk Training on Translation Forests},
  booktitle = {Proceedings of the 2009 Conference on Empirical Methods in Natural Language Processing},
  month     = {August},
  year      = {2009},
  address   = {Singapore},
  publisher = {Association for Computational Linguistics},
  pages     = {40--51},
  url       = {http://www.aclweb.org/anthology/D/D09/D09-1005}
}



@article{hypergraph,
 author = {Gallo, Giorgio and Longo, Giustino and Pallottino, Stefano and Nguyen, Sang},
 title = {Directed hypergraphs and applications},
 journal = {Discrete Appl. Math.},
 volume = {42},
 number = {2-3},
 year = {1993},
 issn = {0166-218X},
 pages = {177--201},
 doi = {http://dx.doi.org/10.1016/0166-218X(93)90045-P},
 publisher = {Elsevier Science Publishers B. V.},
 address = {Amsterdam, The Netherlands, The Netherlands},
 }

@InProceedings{zhifei-amta08,
  author    = {Li,, Zhifei and Khudanpur,, Sanjeev },
  title     = {Large-scale Discriminative $n$-gram Language Models for Statistical Machine Translation},
  booktitle = {AMTA},
pages = {133--142},
     year      = {2008},
%  month     = {June},

%  address   = {Columbus, Ohio},
%  publisher = {Association for Computational Linguistics},

%  url       = {http://www.aclweb.org/anthology/P/P08/P08-1067}
}



@InProceedings{oracle-extraction-naacl09,
  author    = {Li,, Zhifei and Khudanpur,, Sanjeev},
  title     = {Efficient Extraction of Oracle-best Translations from Hypergraphs},
  booktitle = {Proceedings of NAACL},
     year      = {2009},
}


@InProceedings{oracle-extraction-naacl09,
  author    = {Li, Zhifei  and  Khudanpur, Sanjeev},
  title     = {Efficient Extraction of Oracle-best Translations from Hypergraphs},
  booktitle = {Proceedings of Human Language Technologies: The 2009 Annual Conference of the North American Chapter of the Association for Computational Linguistics, Companion Volume: Short Papers},
  month     = {June},
  year      = {2009},
  address   = {Boulder, Colorado},
  publisher = {Association for Computational Linguistics},
  pages     = {9--12},
  url       = {http://www.aclweb.org/anthology/N/N09/N09-2003}
}


@InProceedings{zhifei-forest-reranking-galebook,
  author    = {Li,, Zhifei and Khudanpur,, Sanjeev},
  title     = {Forest Reranking for Machine Translation with the Perceptron Algorithm},
  booktitle = {GALE book chapter on "MT From Text"},
     year      = {2009}
}

@InProceedings{chiang-knight-wang:2009:NAACLHLT09,
  author    = {Chiang, David  and  Knight, Kevin  and  Wang, Wei},
  title     = {11,001 New Features for Statistical Machine Translation},
  year      = {2009},
   pages     = {218--226},
   booktitle = {NAACL},
 % address   = {Boulder, Colorado},
%   booktitle = {Proceedings of Human Language Technologies: The 2009 Annual Conference of the North American Chapter of the Association for Computational Linguistics},
%  month     = {June},
%  publisher = {Association for Computational Linguistics},
%  url       = {http://www.aclweb.org/anthology/N/N09/N09-1025}
}



@inproceedings{joshua-wmt09,
 author = {Li,, Zhifei and Callison-Burch,, Chris and Dyer,, Chris and Ganitkevitch,, Juri and Khudanpur,, Sanjeev
 and Schwartz,, Lane and Thornton,, Wren and Weese,, Jonathan and Zaidan,, Omar.},
 title = {Joshua: An Open Source Toolkit for Parsing-based Machine Translation},
 booktitle = {WMT09},
 pages= {135--139},
 year = {2009}
 }


@InProceedings{variational-decoding-acl09,
  author    = {Li,, Zhifei and Eisner,, Jason and Khudanpur,, Sanjeev },
  title     = {Variational Decoding for Statistical Machine Translation},
  booktitle = {ACL},
     year      = 2009
}


@inproceedings{Joshua-old,
  author =	{Zhifei Li and Sanjeev Khudanpur},
  title =	{A Scalable Decoder for Parsing-based Machine Translation with Equivalent Language Model State Maintenance},
    booktitle = {ACL SSST},
  pages = {10--18},
  year =	{2008},
 %address = ACL-2008-address,
%   booktitle = {Proceedings of the Second Workshop on Syntax and Structure in Statistical Translation},
}


