@InProceedings{Knight1997,
  author = {Kevin Knight and Jonathan Graehl},
  title = {Machine transliteration},
  booktitle = {Proceedings of the 8th Conference of the European Chapter of the Association for Computational Linguistics (EACL-1997)},
  year = {1997}
}

@InProceedings{Koehn2004a,
  author = {Philipp Koehn and Kevin Knight},
  title = {Feature-Rich Statistical Translation of Noun Phrases},
  booktitle = {Proceedings of the 42nd Annual Meeting of the Association for Computational Linguistics (ACL-2004)},
  year = {2004}
}

@InProceedings{Yang2006,
  author = {Mei Yang and Katrin Kirchhoff},
  title = {Phrase-Based Backoff Models for Machine Translation of Highly Inflected Languages},
  booktitle = {Proceedings of the 11th Conference of the European Chapter of the Association for Computational Linguistics (EACL-2006)},
  year = {2006}
}

@InProceedings{Dugast2007,
  author = {Lo\"{i}c Dugast and Jean Senellart and Philipp Koehn},
  title = {Statistical Post-Editing on SYSTRAN's Rule-Based Translation System},
  booktitle = {Proceedings of the Workshop on Statistical Machine Translation, part of the 45th Annual Meeting of the Association for Computational Linguistics (ACL-2007)},
  year = {2007}
}

@InProceedings{Finkel2009,
  author = {Jenny Rose Finkel and Christopher D. Manning},
  title = {Nested Named Entity Recognition},
  booktitle = {Proceedings of the 2009 Conference on Empirical Methods in Natural Language Processing (EMNLP-2009)},
  year = {2009}
}

@InProceedings{Koehn2004b,
  author = {Philipp Koehn},
  title = {Pharaoh: a Beam Search Decoder for Phrase-Based Statistical Machine Translation Models},
  booktitle = {Proceedings of the 6th Biennial Conference of the Association for Machine Translation in the Americas (AMTA-2004)},
  year = {2004}
}

@InProceedings{Senellart2003,
  author = {Jean Senellart and Christian Boitet and Laurent Romary},
  title = {{XML} Machine Translation},
  booktitle = {Proceedings of the 9th Machine Translation Summit},
  year = {2003}
}

@InProceedings{JoshuaWMT,
  author    = {Li, Zhifei  and  Callison-Burch, Chris  and  Dyer, Chris and Ganitkevitch, Juri and  Khudanpur, Sanjeev  and  Schwartz, Lane  and  Thornton, Wren  and  Weese, Jonathan  and  Zaidan, Omar},
  title     = {Joshua: An Open Source Toolkit for Parsing-Based Machine Translation},
  booktitle = {Proceedings of the Workshop on Statistical Machine Translation, part of the Proceedings of the 47th Annual Meeting of the Association for Computational Linguistics (ACL-2009)},
  year      = {2009},
}

@article{Chiang2007,
   author = {David Chiang},
   journal = {Computational Linguistics},
   number = {2},
   pages = {201--228},
   title = {Hierarchical phrase-based translation},
   volume = {33},
   year = {2007}}

@inproceedings{Chiang2005,
   author = {David Chiang},
   booktitle = {Proceedings of the 43rd Annual Meeting of the Association for Computational Linguistics (ACL-2005)},
   title = {A Hierarchical Phrase-based Model for Statistical Machine Translation},
   year = {2005}}

@inproceedings{Zollman2008,
   author = {Andreas Zollmann and Ashish Venugopal and Franz Och and Joy Ponte},
   booktitle = {Proceedings of the 22nd International Conference on Computational Linguistics (COLING-08)},
   title = {A Systematic Comparison of Phrase-Based, Hierarchical and Syntax-Augmented Statistical {MT}},
   year = {2008}}
   
@inproceedings{PBML09,   
   author = {Zhifei Li and Chris Callison-Burch and Sanjeev Khudanpur and Wren Thornton},
   booktitle = {Prague Bulletin of Mathematical Linguistics},
   title = {Decoding in Joshua: Open Source, Parsing-Based Machine Translation},
   Number = {91},
   year = {2009}}

@inproceedings{Callison-Burch2005,
   author = {Colin Bannard and Chris Callison-Burch},
   title = {Paraphrasing with Bilingual Parallel Corpora},
   booktitle = {Proceedings of the 43rd Annual Meeting of the Association for Computational Linguistics (ACL-2005)},
   year = {2005}
}
