@InProceedings{Joshua-WMT,
  author    = {Li, Zhifei  and  Callison-Burch, Chris  and  Dyer, Chris and Ganitkevitch, Juri and  Khudanpur, Sanjeev  and  Schwartz, Lane  and  Thornton, Wren  and  Weese, Jonathan  and  Zaidan, Omar},
  title     = {Joshua: An Open Source Toolkit for Parsing-Based Machine Translation},
  booktitle = {Proceedings of the Fourth Workshop on Statistical Machine Translation},
  month     = {March},
  year      = {2009},
  address   = {Athens, Greece},
  pages     = {135--139},
  url       = {http://www.aclweb.org/anthology/W/W09/W09-0x24}
}

@InProceedings{albrecht-hwa-marai:2009:EACL,
  author    = {Albrecht, Joshua  and  Hwa, Rebecca  and  Marai, G. Elisabeta},
  title     = {Correcting Automatic Translations through Collaborations between {MT} and Monolingual Target-Language Users},
  booktitle = {Proceedings of the 12th Conference of the European Chapter of the ACL (EACL 2009)},
  month     = {March},
  year      = {2009},
  address   = {Athens, Greece},
  pages     = {60--68},
  url       = {http://www.aclweb.org/anthology/E09-1008}
}

@InProceedings{deneefe-knight-chan:2005:PosterDemo,
  author    = {DeNeefe, Steve  and  Knight, Kevin  and  Chan, Hayward H.},
  title     = {Interactively Exploring a Machine Translation Model},
  booktitle = {Proceedings of the ACL Interactive Poster and Demonstration Sessions},
  month     = {June},
  year      = {2005},
  address   = {Ann Arbor, Michigan},
  pages     = {97--100},
  url       = {http://www.aclweb.org/anthology/P05-3025},
  doi       = {10.3115/1225753.1225778}
}

%%%%%%%%%%
% SAMT Citations
%%%%%%%%%%

@inproceedings{samt2006,
	Address = {New York, New York},
	Author = {Andreas Zollmann and Ashish Venugopal},
  booktitle = {Proceedings of the NAACL-2006 Workshop on
                    Statistcal Machine Translation ({WMT-06})},
	Title = {Syntax Augmented Machine Translation via Chart Parsing},
	Year = {2006}}


@inproceedings{zoll:08,
	Address = {Manchester, England},
	Author = {Andreas Zollmann and Ashish Venugopal and Franz                   Och and Joy Ponte},
	Booktitle = {Proceedings of the 22nd International Conference on Computational Linguistics (COLING-2008)},
	Title = {A Systematic Comparison of Phrase-Based, Hierarchical and Syntax-Augmented Statistical {MT}},
	Year = {2008}}
	
	
@Article{Venugopal2009,
 publicationtype = {article},
 Author = {Ashish Venugopal and Andreas Zollmann},
 title = { Grammar based statistical {MT} on {Hadoop}: An end-to-end toolkit for large scale {PSCFG} based {MT}},
 Journal = {Prague Bulletin of Mathematical Linguistics},
 Volume = {91},
 Publisher = {Charles University},
 PubAddress = {Prague},
 Year = {2009}
}


%%%%%%%%%%
% Hiero Citations
%%%%%%%%%%

@inproceedings{Chiang2005,
	Address =  {Ann Arbor, Michigan},
	Author = {David Chiang},
	Booktitle = {Proceedings of the 43rd Annual Meeting of the Association for Computational Linguistics (ACL-2005)},
	Title = {A Hierarchical Phrase-based Model for Statistical Machine Translation},
	Year = {2005}}
	
@article{Chiang2007,
	Author = {David Chiang},
	Journal = {Computational Linguistics},
	Number = {2},
	Pages = {201--228},
	Title = {Hierarchical phrase-based translation},
	Volume = {33},
	Year = {2007}}
	
	
@unpublished{Chiang2006,
	Author = {David Chiang},
	Note = {Tutorial available at http://www.isi.edu/$\sim$chiang/papers/synchtut.pdf},
	Title = {An Introduction to Synchronous Grammars},
	Url = {http://www.isi.edu/~chiang/papers/synchtut.pdf},
	Year = {2006}}

%%%%%%%%%%%%%%%%%%%%%%
%% Hypergraph / packed forest citations
%%%%%%%%%%%%%%%%%%%%%%


@InProceedings{billott-lang:1989:ACL,
  author    = {Sylvie Billott  and  Bernard Lang},
  title     = {The Structure of Shared Forests in Ambiguous Parsing},
  booktitle = {Proceedings of the 27th Annual Meeting of the Association for Computational Linguistics},
  month     = {June},
  year      = {1989},
  address   = {Vancouver, British Columbia, Canada},
  pages     = {143--151},
  url       = {http://www.aclweb.org/anthology/P89-1018},
}


@inproceedings{Klein2001,
  author =	{Dan Klein and Chris Manning},
  title =	{Parsing and Hypergraphs},
  booktitle = {In Proceedings of the International Workshop on Parsing Technologies (IWPT) },
  year =	{2001},
  url = {http://www.cs.berkeley.edu/~klein/papers/klein_and_manning-parsing_and_hypergraphs-IWPT_2001.pdf}
}


